<?xml version="1.0" encoding="UTF-8"?><collection xmlns="http://www.loc.gov/MARC21/slim"><record><leader>00476nam--2200193-i-4500</leader><controlfield tag="001">000024025</controlfield><controlfield tag="002">20161230</controlfield><controlfield tag="005">20161230201035</controlfield><controlfield tag="008">060222s1000------------r-----000-0-ger-d</controlfield><datafield ind1=" " ind2=" " tag="040"><subfield code="a">IFIN-HH</subfield></datafield><datafield ind1=" " ind2=" " tag="041"><subfield code="a">ger</subfield></datafield><datafield ind1=" " ind2=" " tag="080"><subfield code="a">533.924</subfield></datafield><datafield ind1="1" ind2=" " tag="100"><subfield code="a">Ryssel, H</subfield></datafield><datafield ind1=" " ind2=" " tag="245"><subfield code="a">Ionenimplantation</subfield><subfield code="c">H. ryssel, r. ingolf</subfield></datafield><datafield ind1=" " ind2=" " tag="260"><subfield code="a">Leipzig, Akademische Verlagsgesellschaft, 1978</subfield></datafield><datafield ind1=" " ind2=" " tag="300"><subfield code="a">366P</subfield></datafield><datafield ind1=" " ind2=" " tag="700"><subfield code="a">Ingolf, R</subfield></datafield><datafield ind1=" " ind2=" " tag="852"><subfield code="a">49106</subfield><subfield code="c">533.9</subfield></datafield><datafield ind1=" " ind2=" " tag="CAT"><subfield code="a">Sys</subfield><subfield code="c">20100929</subfield><subfield code="h">143910</subfield></datafield></record></collection>